% This file was created with Citavi 6.4.0.35

@misc{.04.07.2020,
 year = {04.07.2020},
 title = {index | TIOBE - The Software Quality Company},
 url = {https://www.tiobe.com/tiobe-index/},
 urldate = {19.07.2020}
}


@misc{.07.07.2020,
 abstract = {Get up to speed with Prometheus, the metrics-based monitoring system used by tens of thousands of organizations in production. This practical guide provides application developers, sysadmins, and DevOps practitioners with a hands-on introduction to the most important aspects of Prometheus, including dashboarding and alerting, direct code instrumentation, and metric collection from third-party systems with exporters.This open source system has gained popularity over the past few years for good reason. With its simple yet powerful data model and query language, Prometheus does one thing, and it does it well. Author and Prometheus developer Brian Brazil guides you through Prometheus setup, the Node exporter, and the Alertmanager, then demonstrates how to use them for application and infrastructure monitoring.Know where and how much to apply instrumentation to your application codeIdentify metrics with labels using unique key-value pairsGet an introduction to Grafana, a popular tool for building dashboardsLearn how to use the Node Exporter to monitor your infrastructureUse service discovery to provide different views of your machines and servicesUse Prometheus with Kubernetes and examine exporters you can use with containersConvert data from other monitoring systems into the Prometheus format},
 year = {07.07.2020},
 title = {Prometheus: Up {\&} Running},
 url = {https://books.google.de/books?hl=de&lr=&id=QW1jDwAAQBAJ&oi=fnd&pg=PT17&dq=prometheus+metrics&ots=5tlcuJK5F2&sig=w4Iexx3M7L5zkNnwmvlsaJoS6YI#v=onepage&q=prometheus%20metrics&f=false},
 urldate = {07.07.2020},
 file = {https://books.google.de/books?hl=de&lr=&id=QW1jDwAAQBAJ&oi=fnd&pg=PT17&dq=prometheus+metrics&ots=5tlcuJK5F2&sig=w4Iexx3M7L5zkNnwmvlsaJoS6YI#v=onepage&q=prometheus metrics&f=false}
}


@misc{.09.07.2020,
 abstract = {With emerging container technologies, such as Docker, microservices-based applications can be developed and deployed in cloud environment much agiler. The dependability of these microservices becomes...},
 year = {09.07.2020},
 title = {Anomaly Detection and Diagnosis for Container-Based Microservices with Performance Monitoring},
 url = {https://link.springer.com/chapter/10.1007/978-3-030-05063-4_42},
 urldate = {09.07.2020}
}


@misc{.13.06.2020,
 year = {13.06.2020},
 title = {Deployments},
 url = {https://kubernetes.io/docs/concepts/workloads/controllers/deployment/},
 urldate = {09.07.2020}
}


@misc{.16.03.2020,
 abstract = {Objectives  Learn what a Kubernetes cluster is. Learn what Minikube is. Start a Kubernetes cluster using an online terminal.   Kubernetes Clusters  Kubernetes coordinates a highly available cluster of computers that are connected to work as a single unit. The abstractions in Kubernetes allow you to deploy containerized applications to a cluster without tying them specifically to individual machines. To make use of this new model of deployment, applications need to be packaged in a way that decouples them from individual hosts: they need to be containerized.},
 year = {16.03.2020},
 title = {Using Minikube to Create a Cluster},
 url = {https://kubernetes.io/docs/tutorials/kubernetes-basics/create-cluster/cluster-intro/},
 urldate = {05.07.2020}
}


@misc{.19.07.2020,
 year = {19.07.2020},
 title = {A Deep Dive into Kubernetes Metrics --- Part 2 | by Bob Cotton | FreshTracks.io},
 url = {https://blog.freshtracks.io/a-deep-dive-into-kubernetes-metrics-part-2-c869581e9f29},
 urldate = {19.07.2020}
}


@misc{.19.07.2020b,
 year = {19.07.2020},
 title = {A Deep Dive into Kubernetes Metrics --- Part 3 Container Resource Metrics | by Bob Cotton | FreshTracks.io},
 url = {https://blog.freshtracks.io/a-deep-dive-into-kubernetes-metrics-part-3-container-resource-metrics-361c5ee46e66},
 urldate = {19.07.2020}
}


@misc{.19.07.2020c,
 year = {19.07.2020},
 title = {A Deep Dive into Kubernetes Metrics | by Bob Cotton | FreshTracks.io},
 url = {https://blog.freshtracks.io/a-deep-dive-into-kubernetes-metrics-b190cc97f0f6},
 urldate = {19.07.2020}
}


@misc{.19.07.2020d,
 year = {19.07.2020},
 title = {https://www.researchgate.net/profile/Claus{\_}Pahl/publication/333235851{\_}A{\_}Controller{\_}Architecture{\_}for{\_}Anomaly{\_}Detection{\_}Root{\_}Cause{\_}Analysis{\_}and{\_}Self-Adaptation{\_}for{\_}Cluster{\_}Architectures/links/5ce391b3a6fdccc9ddc1550f/A-Controller-Architecture-for-Anomaly-Detection-Root-Cause-Analysis-and-Self-Adaptation-for-Cluster-Architectures.pdf},
 url = {https://www.researchgate.net/profile/Claus_Pahl/publication/333235851_A_Controller_Architecture_for_Anomaly_Detection_Root_Cause_Analysis_and_Self-Adaptation_for_Cluster_Architectures/links/5ce391b3a6fdccc9ddc1550f/A-Controller-Architecture-for-Anomaly-Detection-Root-Cause-Analysis-and-Self-Adaptation-for-Cluster-Architectures.pdf},
 urldate = {19.07.2020}
}


@misc{.19.07.2020e,
 year = {19.07.2020},
 title = {The USE Method},
 url = {http://www.brendangregg.com/usemethod.html},
 urldate = {19.07.2020}
}


@misc{.2018,
 abstract = {The bi-annual CNCF survey takes a pulse of the community to better understand the adoption of cloud native technologies. This is the sixth time CNCF has taken the temperature of...},
 year = {2018},
 title = {CNCF Survey: Use of Cloud Native Technologies in Production Has Grown Over 200{\%} - Cloud Native Computing Foundation},
 url = {https://www.cncf.io/blog/2018/08/29/cncf-survey-use-of-cloud-native-technologies-in-production-has-grown-over-200-percent/},
 urldate = {06.07.2020}
}


@misc{.20191231T09:57:13.000Z,
 year = {31.12.2019},
 title = {https://d1wqtxts1xzle7.cloudfront.net/61644710/Livro{\_}Kubernetes20191231-77912-r0gj39.pdf?1577786232={\&}response-content-disposition=inline{\%}3B+filename{\%}3DLivro{\_}Kubernetes.pdf{\&}Expires=1597511389{\&}Signature=BMSJaOIGa3dgnHU7t3nN{\~{}}U9dKi3zhOj39RYG-p8A6fZFj7a4mQNP86jyLkYcgVosV9ZDAu{\~{}}ZR5E55S1mQO0cyzxwGTV6k8NBtG2tHkl-m4xnyrLz7sdzs{\~{}}DKm0l4ZUb8BLorHNh6K5E7GlphPbdtkuzcRaiN2e2rQodGHu-DqgnZJ4PYx3xtIdaaqr-bUTEx270-ex0ivldYd2tqQlIa8hGT4SckY599klH1B5S1ltQa9OBCE5WSTI9DfKDeJZBLYgHYW6Nfi{\~{}}BBQDT8dE1XxQEPDOwHSKqfAWs5qnlDuymoyAC40HlRPyOVNrByMrUrHKdG1jdR813hxJk9MYeOGA{\_}{\_}{\&}Key-Pair-Id=APKAJLOHF5GGSLRBV4ZA},
 url = {https://d1wqtxts1xzle7.cloudfront.net/61644710/Livro_Kubernetes20191231-77912-r0gj39.pdf?1577786232=&response-content-disposition=inline%3B+filename%3DLivro_Kubernetes.pdf&Expires=1597511389&Signature=BMSJaOIGa3dgnHU7t3nN~U9dKi3zhOj39RYG-p8A6fZFj7a4mQNP86jyLkYcgVosV9ZDAu~ZR5E55S1mQO0cyzxwGTV6k8NBtG2tHkl-m4xnyrLz7sdzs~DKm0l4ZUb8BLorHNh6K5E7GlphPbdtkuzcRaiN2e2rQodGHu-DqgnZJ4PYx3xtIdaaqr-bUTEx270-ex0ivldYd2tqQlIa8hGT4SckY599klH1B5S1ltQa9OBCE5WSTI9DfKDeJZBLYgHYW6Nfi~BBQDT8dE1XxQEPDOwHSKqfAWs5qnlDuymoyAC40HlRPyOVNrByMrUrHKdG1jdR813hxJk9MYeOGA__&Key-Pair-Id=APKAJLOHF5GGSLRBV4ZA},
 urldate = {15.08.2020}
}


@misc{.20200810T16:14:45.000Z,
 year = {10.08.2020},
 title = {CA-Studie: IT-Ausfall kostet im Durchschnitt 400.000 Euro - channelpartner.de},
 url = {https://www.channelpartner.de/a/it-ausfall-kostet-im-durchschnitt-400-000-euro,296511},
 urldate = {10.08.2020}
}


@misc{.20200810T18:06:18.000Z,
 year = {10.08.2020},
 title = {The USE Method},
 url = {http://www.brendangregg.com/usemethod.html},
 urldate = {10.08.2020}
}


@misc{.20200814T19:56:28.000Z,
 year = {14.08.2020},
 title = {Pod Overview},
 url = {https://v1-16.docs.kubernetes.io/docs/concepts/workloads/pods/pod-overview/},
 urldate = {14.08.2020}
}


@misc{.20200814T22:19:43.000Z,
 year = {15.08.2020},
 title = {A Deep Dive into Kubernetes Metrics --- Part 2 | by Bob Cotton | FreshTracks.io},
 url = {https://blog.freshtracks.io/a-deep-dive-into-kubernetes-metrics-part-2-c869581e9f29},
 urldate = {15.08.2020}
}


@misc{.20200814T23:12:04.000Z,
 year = {15.08.2020},
 title = {A Deep Dive into Kubernetes Metrics --- Part 3 Container Resource Metrics | by Bob Cotton | FreshTracks.io},
 url = {https://blog.freshtracks.io/a-deep-dive-into-kubernetes-metrics-part-3-container-resource-metrics-361c5ee46e66},
 urldate = {15.08.2020}
}


@misc{.24.05.2020,
 year = {24.05.2020},
 title = {Overview of kubectl},
 url = {https://kubernetes.io/docs/reference/kubectl/overview/},
 urldate = {06.07.2020}
}


@misc{.30.05.2020,
 year = {30.05.2020},
 title = {Kubernetes Komponenten},
 url = {https://kubernetes.io/de/docs/concepts/overview/components/},
 urldate = {05.07.2020}
}


@misc{.30.05.2020b,
 year = {30.05.2020},
 title = {Pod Overview},
 url = {https://kubernetes.io/docs/concepts/workloads/pods/pod-overview/},
 urldate = {06.07.2020}
}


@misc{.30.05.2020c,
 year = {30.05.2020},
 title = {Service},
 url = {https://kubernetes.io/docs/concepts/services-networking/service/},
 urldate = {06.07.2020}
}


@article{.b,
 title = {Terena.dvi},
 url = {http://luca.ntop.org/ADS.pdf},
 urldate = {10.07.2020},
 file = {b90b2af4-bd67-4eb9-adca-4d2cca50421a:C\:\\Users\\Johannes\\AppData\\Local\\Swiss Academic Software\\Citavi 6\\ProjectCache\\xcubml0lubk4a3meugzx4uyiuw2tukuoorw4z2wtelsqzmg0\\Citavi Attachments\\b90b2af4-bd67-4eb9-adca-4d2cca50421a.pdf:pdf}
}


@misc{AlSharif.2016,
 abstract = {A cloud computing model gives cloud service providers the ability to retain multiple workloads on a single physical system. However, efficient resource provisioning and possible system fault management in the cloud can be a challenge. Early fault detection can provide room to recover from potential faults before impacting QoS. Current static techniques of fault management in computing systems are not satisfactory enough to safeguard the QoS requested by cloud users. Thus, new smart techniques are needed. This paper presents the ACCRS framework for cloud computing infrastructures to advance system's utilization level, reduce cost and power consumption and fulfil SLAs. The ACCRS framework employs Autonomic Computing basic components which includes state monitoring, planning, decision making, fault predication, detection, and root cause analysis for recovery actions to improve system's reliability, availability, and utilization level by scaling resources in response to changes in the cloud system state.},
 author = {Al-Sharif, Ziad A. and Jararweh, Yaser and Al-Dahoud, Ahmad and Alawneh, Luay M.},
 year = {2016},
 title = {ACCRS: autonomic based cloud computing resource scaling},
 url = {https://link.springer.com/article/10.1007/s10586-016-0682-6},
 urldate = {19.07.2020}
}




@book{Burns.2019,
 author = {Burns, Brendan and Beda, Joe and Hightower, Kelsey},
 year = {2019},
 title = {Kubernetes: Up and running : dive into the future of infrastructure},
 address = {Sebastopol, CA},
 edition = {Second edition},
 publisher = {{O'Reilly Media, Incorporated}},
 isbn = {1492046485},
 file = {http://www.worldcat.org/oclc/1122920619}
}


@misc{GithubUser:dashpole.05.07.2020,
 abstract = {Analyzes resource usage and performance characteristics of running containers. - google/cadvisor},
 author = {{Github-User: dashpole}},
 year = {05.07.2020},
 title = {google/cadvisor},
 url = {https://github.com/google/cadvisor},
 urldate = {05.07.2020}
}


@book{Krei.2006,
 abstract = {Das Buch f{\"u}hrt in die grundlegenden Bereiche der klassischen Zeitreihenanalyse ein. Deshalb spielen in den ersten Kapiteln die Begriffe Stationarit{\"a}t und Autokovarianz- bzw. Autokorrelationsstruktur eine wesentliche Rolle. Erg{\"a}nzend zu den grundlegenden Modellen werden aber auch schon zu Beginn eine Reihe von Beispielen diskutiert. Mit Hilfe des Spektralsatzes und der Filterung station{\"a}rer Zeitreihen kann die wichtige Klasse der ARMA-Modelle sehr effizient und ersch{\"o}pfend behandelt werden.   Die asymptotischen Resultate des Textes beruhen auf einem zentralen Grenzwertresultat f{\"u}r sog. schwach abh{\"a}ngige Zufallsvariable. Es zeigt sich, dass dieses Resultat sowohl die Behandlung linearer Zeitreihenmodelle wie gewisser nichtlinearer und f{\"u}r den Bereich der Finanzzeitreihen wichtiger Zeitreihen erlaubt.   Im Weiteren werden dann Sch{\"a}tzmethoden im Spektralbereich von Zeitreihen diskutiert. Neben dem Periodogram werden ebenso auch sog. gegl{\"a}ttete Spektraldichtesch{\"a}tzer vollst{\"a}ndig behandelt.   Kapitel {\"u}ber Modellwahlverfahren und die wesentlichen Grundlagen multivariater Zeitreihen sowie einiger Anh{\"a}nge, die den Text weitestgehend autark lesbar machen sollen, schlie{\ss}en das Buch ab.  Geschrieben f{\"u}r: Studenten und Dozenten der Mathematik und Statistik  Schlagworte: ARMA-Modelle, Zeitreihenanalyse, finanzielle Zeitreihen, multivariate Zeitreihen, station{\"a}re Zeitreihen.},
 author = {Krei{\ss}, Jens-Peter and Neuhaus, Georg},
 year = {2006},
 title = {Einf{\"u}hrung in die Zeitreihenanalyse},
 url = {http://site.ebrary.com/lib/alltitles/docDetail.action?docID=10144913},
 address = {Berlin, Heidelberg},
 publisher = {{Springer-Verlag Berlin Heidelberg}},
 isbn = {9783540256281},
 series = {Statistik und ihre Anwendungen},
 doi = {10.1007/3-540-33571-4},
 file = {http://zbmath.org/?q=an:1099.62101},
 file = {http://external.dandelon.com/download/attachments/dandelon/ids/AT001A6A47F3647B0C0F1C12571EE0051BACA.pdf},
 file = {http://external.dandelon.com/download/attachments/dandelon/ids/DEAGICE622.pdf},
 file = {https://external.dandelon.com/download/attachments/dandelon/ids/DEAGICE622.pdf}
}


@misc{Kubernetes.20200530T15:19:3404:00,
 author = {Kubernetes},
 year = {30.05.2020},
 title = {Kubernetes Komponenten},
 url = {https://kubernetes.io/de/docs/concepts/overview/components/},
 urldate = {14.08.2020}
}


@misc{Kubernetes.20200609T21:01:2404:00,
 author = {Kubernetes},
 year = {10.06.2020},
 title = {kubelet},
 url = {https://kubernetes.io/docs/reference/command-line-tools-reference/kubelet/},
 urldate = {14.08.2020}
}


@misc{Kubernetes.20200730T23:05:24+02:00,
 author = {Kubernetes},
 year = {30.07.2020},
 title = {Nodes},
 url = {https://kubernetes.io/de/docs/concepts/architecture/nodes/},
 urldate = {14.08.2020}
}


@misc{Kubernetes.20200810T09:56:48+02:00,
 author = {Kubernetes},
 year = {10.08.2020},
 title = {Deployments},
 url = {https://kubernetes.io/docs/concepts/workloads/controllers/deployment/},
 urldate = {14.08.2020}
}


@misc{Kubernetes.20200814T19:35:07.000Z,
 abstract = {Produktionsreife Container-Orchestrierung},
 author = {Kubernetes},
 year = {14.08.2020},
 title = {Konzepte},
 url = {https://kubernetes.io/de/docs/concepts/},
 urldate = {14.08.2020}
}


@misc{Kubernetes.20200814T19:35:13.000Z,
 abstract = {Produktionsreife Container-Orchestrierung},
 author = {Kubernetes},
 year = {14.08.2020},
 title = {Konzepte},
 url = {https://kubernetes.io/de/docs/concepts/},
 urldate = {14.08.2020}
}


@misc{Prometheus.06.07.2020,
 abstract = {An open-source monitoring system with a dimensional data model, flexible query language, efficient time series database and modern alerting approach.},
 author = {Prometheus},
 year = {06.07.2020},
 title = {Overview | Prometheus},
 url = {https://prometheus.io/docs/introduction/overview/},
 urldate = {06.07.2020}
}


@misc{Prometheus.06.07.2020b,
 abstract = {An open-source monitoring system with a dimensional data model, flexible query language, efficient time series database and modern alerting approach.},
 author = {Prometheus},
 year = {06.07.2020},
 title = {Overview | Prometheus},
 url = {https://prometheus.io/docs/introduction/overview/},
 urldate = {06.07.2020}
}


@misc{Shamim.27.06.2020,
 abstract = {Kubernetes is an open-source software for automating management of computerized services. Organizations, such as IBM, Capital One and Adidas use Kubernetes to deploy and manage their containers, and have reported benefits related to deployment frequency. Despite reported benefits, Kubernetes deployments are susceptible to security vulnerabilities, such as those that occurred at Tesla in 2018. A systematization of Kubernetes security practices can help practitioners mitigate vulnerabilities in their Kubernetes deployments. The goal of this paper is to help practitioners in securing their Kubernetes installations through a systematization of knowledge related to Kubernetes security practices. We systematize knowledge by applying qualitative analysis on 104 Internet artifacts. We identify 11 security practices that include (i) implementation of role-based access control (RBAC) authorization to provide least privilege, (ii) applying security patches to keep Kubernetes updated, and (iii) implementing pod and network specific security policies.},
 author = {Shamim, Md Shazibul Islam and Bhuiyan, Farzana Ahamed and Rahman, Akond},
 date = {27.06.2020},
 title = {XI Commandments of Kubernetes Security: A Systematization of Knowledge  Related to Kubernetes Security Practices},
 url = {https://arxiv.org/pdf/2006.15275.pdf},
 urldate = {05.07.2020},
 file = {52b11dd0-d3ce-4b15-804e-0023d951c85c:C\:\\Users\\Johannes\\AppData\\Local\\Swiss Academic Software\\Citavi 6\\ProjectCache\\xcubml0lubk4a3meugzx4uyiuw2tukuoorw4z2wtelsqzmg0\\Citavi Attachments\\52b11dd0-d3ce-4b15-804e-0023d951c85c.pdf:pdf}
}


@article{Tien.2019,
 author = {Tien, Chin--Wei and Huang, Tse--Yung and Tien, Chia--Wei and Huang, Ting--Chun and Kuo, Sy--Yen},
 year = {2019},
 title = {KubAnomaly: Anomaly detection for the Docker orchestration platform with neural network approaches},
 volume = {1},
 number = {5},
 issn = {2577-8196},
 journal = {Engineering Reports},
 doi = {10.1002/eng2.12080}
}


