@misc{ wiki:xx0,
   author = "Wikipedia",
   title = "Gleitender Mittelwert --- Wikipedia{,} Die freie Enzyklop√§die",
   year = "2020",
   howpublished = "\url{https://de.wikipedia.org/w/index.php?title=Gleitender_Mittelwert&oldid=199548693}",
   note = "[Online; Stand 14. August 2020]"
 }



@misc{cncf2019,
 year = {2020},
 title = {{CNCF SURVEY 2019: Deployments are getting larger as cloud native adoption becomes mainstream}},
 howpublished = "\url{https://www.cncf.io/wp-content/uploads/2020/03/CNCF_Survey_Report.pdf}",
 note = "[Online; Stand 06. Juli 2020]"
 urldate = {06.07.2020}
}

@misc{brendan-gregg-use,
 year = {10.08.2020},
 title = {{The USE Method}},
 howpublished = {http://www.brendangregg.com/usemethod.html},
 note = [Online; 19.07.2020]
 urldate = {10.08.2020}
}